@article{chakaravarthy2016scalable,
  title={Scalable single source shortest path algorithms for massively parallel systems},
  author={V. T. Chakaravarthy and others},
  journal={IEEE Transactions on Parallel and Distributed Systems},
  volume={28},
  number={7},
  pages={2031--2045},
  year={2016},
  publisher={IEEE}
}

@inproceedings{davidson2014work,
  title={Work-efficient parallel GPU methods for single-source shortest paths},
  author={A. Davidson and others},
  booktitle={2014 IEEE 28th International Parallel and Distributed Processing Symposium},
  pages={349--359},
  year={2014},
  organization={IEEE}
}

@inproceedings{demiryurek2010case,
  title={A case for time-dependent shortest path computation in spatial networks},
  author={Ugur Demiryurek and others},
  booktitle={Proceedings of the 18th SIGSPATIAL International Conference on Advances in Geographic Information Systems},
  pages={474--477},
  year={2010}
}

@inproceedings{gunturi2015critical,
  title={A critical-time-point approach to all-departure-time lagrangian shortest paths},
  author={V. Gunturi and others},
  journal={IEEE Transactions on Knowledge and Data Engineering},
  volume={27},
  number={10},
  pages={2591--2603},
  year={2015},
  publisher={IEEE}
}

@article{analytics2016age,
  title={The age of analytics: competing in a data-driven world},
  author={N, Hanke and others},
  journal={McKinsey Global Institute Research},
  year={2016}
}

@inproceedings{maleki2016dsmr,
  title={DSMR: A parallel algorithm for single-source shortest path problem},
  author={Saeed Maleki and others},
  booktitle={Proceedings of the 2016 International Conference on Supercomputing},
  pages={1--14},
  year={2016}
}

@inproceedings{simmhan2015distributed,
  title={Distributed programming over time-series graphs},
  author={Y. Simmhan and others},
  booktitle={2015 IEEE International Parallel and Distributed Processing Symposium},
  pages={809--818},
  year={2015},
  organization={IEEE}
}